
@thesis{Gambini1999,
  author = "Ian Gambini",
  title = "Quant aux carrés carrelés",
  school = "L’UNIVERSITÉ DE LA MÉDITERRANÉE AIX-MARSEILLE II",
  year = "1999"
}

@thesis{bouwkamp_dissection,
  title="On the dissection of rectangles into squares",
  author="Bouwkamp, C.J.",
  year="1947"
}

@thesis{bouwkamp_catalogue_simple,
  title="Catalogue of simple squared rectangles of order nine through fourteen and their elements",
  author="Bouwkamp, C.J. and Duijvestijn, A.J.W. and Medema",
  institution="Technische Hogeschool, Eindhoven, The Netherlands",
  year="1960"
}

@thesis{bouwkamp_catalogue_perfect,
  title="Catalogue of simple perfect squared rectangles of order 9 through 18",
  author="Bouwkamp, C.J. and Duijvestijn, A.J.W. and Haubich, J.",
  institution="Philips Research Laboratories, Eindhoven, The Netherlands",
  year="1964",
  volume="1-12",
  pages="3090"
}